\bibliographystyle{./IEEEtran}
\bibliography{./IEEEabrv,./IEEEexample}

@InProceedings{bloodgood2009,
  author    = {Bloodgood, Michael  and  Vijay-Shanker, K.},
  title     = {A Method for Stopping Active Learning Based on Stabilizing Predictions and the Need for User-Adjustable Stopping},
  booktitle = {Proceedings of the Thirteenth Conference on Computational Natural Language Learning (CoNLL-2009)},
  month     = {June},
  year      = {2009},
  address   = {Boulder, Colorado},
  publisher = {Association for Computational Linguistics},
  pages     = {39--47}
}

@inproceedings{mcdonald2020,
author = {McDonald, Graham and Macdonald, Craig and Ounis, Iadh},
title = {Active Learning Stopping Strategies for Technology-Assisted Sensitivity Review},
year = {2020},
isbn = {9781450380164},
publisher = {Association for Computing Machinery},
address = {New York, NY, USA},
doi = {10.1145/3397271.3401267},
booktitle = {Proceedings of the 43rd International ACM SIGIR Conference on Research and Development in Information Retrieval},
pages = {2053â€“2056},
numpages = {4},
keywords = {classification, active learning, sensitivity classification, sensitive information, technology-assisted sensitivity review},
location = {Virtual Event, China},
series = {SIGIR '20}
}

@article{vlachos2008,
 author = {Andreas Vlachos},
 title = {A stopping criterion for active learning},
 journal = {Computer Speech and Language},
 volume = {22},
 number = {3},
 year = {2008},
 issn = {0885-2308},
 pages = {295--312},
 doi = {http://dx.doi.org/10.1016/j.csl.2007.12.001},
 publisher = {Academic Press Ltd.},
 address = {London, UK, UK},
}
