\bibliographystyle{./IEEEtran}
\bibliography{./IEEEabrv,./IEEEexample}

@article{akhtar2018threat,
	title={Threat of adversarial attacks on deep learning in computer vision: A survey},
	author={Akhtar, Naveed and Mian, Ajmal},
	journal={Ieee Access},
	volume={6},
	pages={14410--14430},
	year={2018},
	publisher={IEEE}
}

@article{anderson2018ember,
	title={Ember: an open dataset for training static pe malware machine learning models},
	author={Anderson, Hyrum S and Roth, Phil},
	journal={arXiv preprint arXiv:1804.04637},
	year={2018}
}

@inproceedings{arp2014drebin,
	title={Drebin: Effective and explainable detection of android malware in your pocket.},
	author={Arp, Daniel and Spreitzenbarth, Michael and Hubner, Malte and Gascon, Hugo and Rieck, Konrad and Siemens, CERT},
	booktitle={Ndss},
	volume={14},
	pages={23--26},
	year={2014}
}

@article{artuso2022binbert,
	title={BinBert: Binary Code Understanding with a Fine-tunable and Execution-aware Transformer},
	author={Artuso, Fiorella and Mormando, Marco and Di Luna, Giuseppe A and Querzoni, Leonardo},
	journal={arXiv preprint arXiv:2208.06692},
	year={2022}
}

@inproceedings{carlini2017towards,
	title={Towards evaluating the robustness of neural networks},
	author={Carlini, Nicholas and Wagner, David},
	booktitle={2017 ieee symposium on security and privacy (sp)},
	pages={39--57},
	year={2017},
	organization={Ieee}
}

@article{chakraborty2018adversarial,
	title={Adversarial attacks and defences: A survey},
	author={Chakraborty, Anirban and Alam, Manaar and Dey, Vishal and Chattopadhyay, Anupam and Mukhopadhyay, Debdeep},
	journal={arXiv preprint arXiv:1810.00069},
	year={2018}
}

@article{chen2019adversarial,
	title={Adversarial examples for cnn-based malware detectors},
	author={Chen, Bingcai and Ren, Zhongru and Yu, Chao and Hussain, Iftikhar and Liu, Jintao},
	journal={IEEE Access},
	volume={7},
	pages={54360--54371},
	year={2019},
	publisher={IEEE}
}

@article{chen2021evaluating,
	title={Evaluating large language models trained on code},
	author={Chen, Mark and Tworek, Jerry and Jun, Heewoo and Yuan, Qiming and Pinto, Henrique Ponde de Oliveira and Kaplan, Jared and Edwards, Harri and Burda, Yuri and Joseph, Nicholas and Brockman, Greg and others},
	journal={arXiv preprint arXiv:2107.03374},
	year={2021}
}

@inproceedings{chua2017neural,
	title={Neural nets can learn function type signatures from binaries},
	author={Chua, Zheng Leong and Shen, Shiqi and Saxena, Prateek and Liang, Zhenkai},
	booktitle={26th USENIX Security Symposium (USENIX Security 17)},
	pages={99--116},
	year={2017}
}

@article{demetrio2019explaining,
	title={Explaining vulnerabilities of deep learning to adversarial malware binaries},
	author={Demetrio, Luca and Biggio, Battista and Lagorio, Giovanni and Roli, Fabio and Armando, Alessandro},
	journal={arXiv preprint arXiv:1901.03583},
	year={2019}
}

@article{devlin2018bert,
	title={Bert: Pre-training of deep bidirectional transformers for language understanding},
	author={Devlin, Jacob and Chang, Ming-Wei and Lee, Kenton and Toutanova, Kristina},
	journal={arXiv preprint arXiv:1810.04805},
	year={2018}
}

@article{feng2020codebert,
	title={Codebert: A pre-trained model for programming and natural languages},
	author={Feng, Zhangyin and Guo, Daya and Tang, Duyu and Duan, Nan and Feng, Xiaocheng and Gong, Ming and Shou, Linjun and Qin, Bing and Liu, Ting and Jiang, Daxin and others},
	journal={arXiv preprint arXiv:2002.08155},
	year={2020}
}

@article{goodfellow2014explaining,
	title={Explaining and harnessing adversarial examples},
	author={Goodfellow, Ian J and Shlens, Jonathon and Szegedy, Christian},
	journal={arXiv preprint arXiv:1412.6572},
	year={2014}
}

@inproceedings{guo2019deepvsa,
	title={$\{$DEEPVSA$\}$: Facilitating Value-set Analysis with Deep Learning for Postmortem Program Analysis},
	author={Guo, Wenbo and Mu, Dongliang and Xing, Xinyu and Du, Min and Song, Dawn},
	booktitle={28th USENIX Security Symposium (USENIX Security 19)},
	pages={1787--1804},
	year={2019}
}

@inproceedings{kolosnjaji2018adversarial,
	title={Adversarial malware binaries: Evading deep learning for malware detection in executables},
	author={Kolosnjaji, Bojan and Demontis, Ambra and Biggio, Battista and Maiorca, Davide and Giacinto, Giorgio and Eckert, Claudia and Roli, Fabio},
	booktitle={2018 26th European signal processing conference (EUSIPCO)},
	pages={533--537},
	year={2018},
	organization={IEEE}
}

@article{kreuk2018deceiving,
	title={Deceiving end-to-end deep learning malware detectors using adversarial examples},
	author={Kreuk, Felix and Barak, Assi and Aviv-Reuven, Shir and Baruch, Moran and Pinkas, Benny and Keshet, Joseph},
	journal={arXiv preprint arXiv:1802.04528},
	year={2018}
}

@article{li2021arms,
	title={Arms race in adversarial malware detection: A survey},
	author={Li, Deqiang and Li, Qianmu and Ye, Yanfang and Xu, Shouhuai},
	journal={ACM Computing Surveys (CSUR)},
	volume={55},
	number={1},
	pages={1--35},
	year={2021},
	publisher={ACM New York, NY}
}

@article{li2021framework,
	title={A framework for enhancing deep neural networks against adversarial malware},
	author={Li, Deqiang and Li, Qianmu and Ye, Yanfang and Xu, Shouhuai},
	journal={IEEE Transactions on Network Science and Engineering},
	volume={8},
	number={1},
	pages={736--750},
	year={2021},
	publisher={IEEE}
}

@inproceedings{li2021palmtree,
	title={Palmtree: learning an assembly language model for instruction embedding},
	author={Li, Xuezixiang and Qu, Yu and Yin, Heng},
	booktitle={Proceedings of the 2021 ACM SIGSAC Conference on Computer and Communications Security},
	pages={3236--3251},
	year={2021}
}

@article{ling2021adversarial,
	title={Adversarial Attacks against Windows PE Malware Detection: A Survey of the State-of-the-Art},
	author={Ling, Xiang and Wu, Lingfei and Zhang, Jiangyu and Qu, Zhenqing and Deng, Wei and Chen, Xiang and Wu, Chunming and Ji, Shouling and Luo, Tianyue and Wu, Jingzheng and others},
	journal={arXiv preprint arXiv:2112.12310},
	year={2021}
}

@article{liguori2022can,
	title={Can we generate shellcodes via natural language? An empirical study},
	author={Liguori, Pietro and Al-Hossami, Erfan and Cotroneo, Domenico and Natella, Roberto and Cukic, Bojan and Shaikh, Samira},
	journal={Automated Software Engineering},
	volume={29},
	number={1},
	pages={1--34},
	year={2022},
	publisher={Springer}
}

@article{liu2021deep,
	title={Deep learning for android malware defenses: a systematic literature review},
	author={Liu, Yue and Tantithamthavorn, Chakkrit and Li, Li and Liu, Yepang},
	journal={arXiv preprint arXiv:2103.05292},
	year={2021}
}

@article{maiorca2019towards,
	title={Towards adversarial malware detection: Lessons learned from PDF-based attacks},
	author={Maiorca, Davide and Biggio, Battista and Giacinto, Giorgio},
	journal={ACM Computing Surveys (CSUR)},
	volume={52},
	number={4},
	pages={1--36},
	year={2019},
	publisher={ACM New York, NY, USA}
}

@inproceedings{park2020survey,
	title={A survey on practical adversarial examples for malware classifiers},
	author={Park, Daniel and Yener, B{\"u}lent},
	booktitle={Reversing and Offensive-oriented Trends Symposium},
	pages={23--35},
	year={2020}
}

@misc{peters2018deep,
	doi = {10.48550/ARXIV.1802.05365},
	url = {https://arxiv.org/abs/1802.05365},
	author = {Peters, Matthew E. and Neumann, Mark and Iyyer, Mohit and Gardner, Matt and Clark, Christopher and Lee, Kenton and Zettlemoyer, Luke},
	title = {Deep contextualized word representations},
	publisher = {arXiv},
	year = {2018},
}


@article{radford2018improving,
	title={Improving language understanding by generative pre-training},
	author={Radford, Alec and Narasimhan, Karthik and Salimans, Tim and Sutskever, Ilya and others},
	year={2018},
	publisher={OpenAI}
}

@article{radford2019language,
	title={Language models are unsupervised multitask learners},
	author={Radford, Alec and Wu, Jeffrey and Child, Rewon and Luan, David and Amodei, Dario and Sutskever, Ilya and others},
	journal={OpenAI blog},
	volume={1},
	number={8},
	pages={9},
	year={2019}
}

@inproceedings{raff2018malware,
	title={Malware detection by eating a whole exe},
	author={Raff, Edward and Barker, Jon and Sylvester, Jared and Brandon, Robert and Catanzaro, Bryan and Nicholas, Charles K},
	booktitle={Workshops at the Thirty-Second AAAI Conference on Artificial Intelligence},
	year={2018}
}

@inproceedings{raff2021classifying,
	title={Classifying sequences of extreme length with constant memory applied to malware detection},
	author={Raff, Edward and Fleshman, William and Zak, Richard and Anderson, Hyrum S and Filar, Bobby and McLean, Mark},
	booktitle={Proceedings of the AAAI Conference on Artificial Intelligence},
	volume={35},
	number={11},
	pages={9386--9394},
	year={2021}
}

@article{rothe2020leveraging,
	title={Leveraging pre-trained checkpoints for sequence generation tasks},
	author={Rothe, Sascha and Narayan, Shashi and Severyn, Aliaksei},
	journal={Transactions of the Association for Computational Linguistics},
	volume={8},
	pages={264--280},
	year={2020},
	publisher={MIT Press}
}

@article{roziere2020unsupervised,
	title={Unsupervised translation of programming languages},
	author={Roziere, Baptiste and Lachaux, Marie-Anne and Chanussot, Lowik and Lample, Guillaume},
	journal={Advances in Neural Information Processing Systems},
	volume={33},
	pages={20601--20611},
	year={2020}
}

@inproceedings{suciu2019exploring,
	title={Exploring adversarial examples in malware detection},
	author={Suciu, Octavian and Coull, Scott E and Johns, Jeffrey},
	booktitle={2019 IEEE Security and Privacy Workshops (SPW)},
	pages={8--14},
	year={2019},
	organization={IEEE}
}

@article{szegedy2013intriguing,
	title={Intriguing properties of neural networks},
	author={Szegedy, Christian and Zaremba, Wojciech and Sutskever, Ilya and Bruna, Joan and Erhan, Dumitru and Goodfellow, Ian and Fergus, Rob},
	journal={arXiv preprint arXiv:1312.6199},
	year={2013}
}

@article{vaswani2017attention,
	title={Attention is all you need},
	author={Vaswani, Ashish and Shazeer, Noam and Parmar, Niki and Uszkoreit, Jakob and Jones, Llion and Gomez, Aidan N and Kaiser, {\L}ukasz and Polosukhin, Illia},
	journal={Advances in neural information processing systems},
	volume={30},
	year={2017}
}

@inproceedings{xu2017neural,
	title={Neural network-based graph embedding for cross-platform binary code similarity detection},
	author={Xu, Xiaojun and Liu, Chang and Feng, Qian and Yin, Heng and Song, Le and Song, Dawn},
	booktitle={Proceedings of the 2017 ACM SIGSAC Conference on Computer and Communications Security},
	pages={363--376},
	year={2017}
}

@inproceedings{yewale2016malware,
	title={Malware detection based on opcode frequency},
	author={Yewale, Abhijit and Singh, Maninder},
	booktitle={2016 International Conference on Advanced Communication Control and Computing Technologies (ICACCCT)},
	pages={646--649},
	year={2016},
	organization={IEEE}
}

@article{yuan2019adversarial,
	title={Adversarial examples: Attacks and defenses for deep learning},
	author={Yuan, Xiaoyong and He, Pan and Zhu, Qile and Li, Xiaolin},
	journal={IEEE transactions on neural networks and learning systems},
	volume={30},
	number={9},
	pages={2805--2824},
	year={2019},
	publisher={IEEE}
}

@article{zhang2020adversarial,
	title={Adversarial attacks on deep-learning models in natural language processing: A survey},
	author={Zhang, Wei Emma and Sheng, Quan Z and Alhazmi, Ahoud and Li, Chenliang},
	journal={ACM Transactions on Intelligent Systems and Technology (TIST)},
	volume={11},
	number={3},
	pages={1--41},
	year={2020},
	publisher={ACM New York, NY, USA}
}