\bibliographystyle{./IEEEtran}
\bibliography{./IEEEabrv,./IEEEexample}

@inproceedings{pascanu2015malware,
	title={Malware classification with recurrent networks},
	author={Pascanu, Razvan and Stokes, Jack W and Sanossian, Hermineh and Marinescu, Mady and Thomas, Anil},
	booktitle={2015 IEEE International Conference on Acoustics, Speech and Signal Processing (ICASSP)},
	pages={1916--1920},
	year={2015},
	organization={IEEE}
}


